<?xml version="1.0" encoding="UTF-8"?><record xmlns="http://www.loc.gov/MARC21/slim" xmlns:cinclude="http://apache.org/cocoon/include/1.0" xmlns:zs="http://www.loc.gov/zing/srw/">
  <leader>00463cz  a2200145n  4500</leader>
  <controlfield tag="001">n  86053053 </controlfield>
  <controlfield tag="003">DLC</controlfield>
  <controlfield tag="005">20080324075251.0</controlfield>
  <controlfield tag="008">870316n| acannaabn          |n aaa      </controlfield>
  <datafield tag="010" ind1=" " ind2=" ">
    <subfield code="a">n  86053053 </subfield>
  </datafield>
  <datafield tag="035" ind1=" " ind2=" ">
    <subfield code="a">(OCoLC)oca01809552</subfield>
  </datafield>
  <datafield tag="040" ind1=" " ind2=" ">
    <subfield code="a">DLC</subfield>
    <subfield code="b">eng</subfield>
    <subfield code="c">DLC</subfield>
    <subfield code="d">DLC</subfield>
    <subfield code="d">OCoLC</subfield>
  </datafield>
  <datafield tag="100" ind1="1" ind2=" ">
    <subfield code="a">Degering, Etta</subfield>
  </datafield>
  <datafield tag="670" ind1=" " ind2=" ">
    <subfield code="a">Her Gallaudet, friend of the deaf, 1987, c1964:</subfield>
    <subfield code="b">CIP t.p. (Etta Degering) data sheet (b. 1/7/1898)</subfield>
  </datafield>
  <datafield tag="670" ind1=" " ind2=" ">
    <subfield code="a">LC data base, 3-13-87</subfield>
    <subfield code="b">(hdg.: Degering, Etta)</subfield>
  </datafield>
</record>